<?xml version="1.0" encoding="UTF-8"?><collection xmlns="http://www.loc.gov/MARC21/slim"><record><leader>00388nam--2200121-i-4500</leader><controlfield tag="001">000018122</controlfield><controlfield tag="002">20161230</controlfield><controlfield tag="005">20161230201032</controlfield><controlfield tag="008">060222s1000------------r-----000-0-eng-d</controlfield><datafield ind1=" " ind2=" " tag="080"><subfield code="a">699.131.622</subfield></datafield><datafield ind1=" " ind2=" " tag="245"><subfield code="a">Fonta de mare rezistenta cu grafit nodular. tehnologia elaborarii fontei.traducere din limba rusa</subfield></datafield><datafield ind1=" " ind2=" " tag="260"><subfield code="a">Bucuresti, Institutul De Documentare Tehnica, 1957.   94 P</subfield></datafield><datafield ind1=" " ind2=" " tag="852"><subfield code="a">26409</subfield></datafield></record></collection>